
@Book{		  wilcox2012introduction,
  author	= {Wilcox, Rand R},
  date-added	= {2016-08-25 03:08:00 +0000},
  date-modified	= {2016-08-25 03:08:00 +0000},
  publisher	= {Academic Press},
  title		= {Introduction to robust estimation and hypothesis testing},
  year		= {2012}
}

@Book{		  achen82,
  address	= {Newbury Park, CA},
  author	= {Achen, Christopher H.},
  citeulike-article-id={106797},
  date-added	= {2014-03-31 11:39:34 +0000},
  date-modified	= {2014-03-31 11:39:34 +0000},
  keywords	= {statistics statistics_teaching},
  publisher	= {Sage},
  title		= {Interpreting and Using Regression},
  year		= {1982}
}

@Book{		  beck:1986,
  author	= {Becker, Howard S.},
  date-added	= {2014-03-31 11:39:34 +0000},
  date-modified	= {2014-03-31 11:39:35 +0000},
  publisher	= {University of Chicago Press.},
  title		= {Writing for Social Scientists: How to Start and Finish
		  Your Thesis, Book, or Article},
  year		= {1986}
}

@Book{		  berk2008statistical,
  author	= {Berk, R.A.},
  date-added	= {2014-03-31 11:39:34 +0000},
  date-modified	= {2014-03-31 11:39:35 +0000},
  publisher	= {Springer},
  title		= {Statistical learning from a regression perspective},
  year		= {2008}
}

@Article{	  berk2010you,
  author	= {Berk, R.},
  date-added	= {2014-03-31 11:39:34 +0000},
  date-modified	= {2014-03-31 11:39:35 +0000},
  journal	= {Journal of Quantitative Criminology},
  pages		= {1--7},
  publisher	= {Springer},
  title		= {What you can and can't properly do with regression},
  year		= {2010},
  bdsk-file-1	= {YnBsaXN0MDDUAQIDBAUGJCVYJHZlcnNpb25YJG9iamVjdHNZJGFyY2hpdmVyVCR0b3ASAAGGoKgHCBMUFRYaIVUkbnVsbNMJCgsMDxJXTlMua2V5c1pOUy5vYmplY3RzViRjbGFzc6INDoACgAOiEBGABIAFgAdccmVsYXRpdmVQYXRoWWFsaWFzRGF0YV8QLy4uLy4uLy4uL0Ryb3Bib3gvRGVzdGlueVBhcGVycy9CZXJrMjAxMFdoYXQucGRm0hcLGBlXTlMuZGF0YU8RAawAAAAAAawAAgAADE1hY2ludG9zaCBIRAAAAAAAAAAAAAAAAAAAANKFS1VIKwAAABY6XRBCZXJrMjAxMFdoYXQucGRmAAAAAAAAAAAAAAAAAAAAAAAAAAAAAAAAAAAAAAAAAAAAAAAAAAAAAAAAAAAAAAAAF7vpyzUUewAAAAAAAAAAAAMAAwAACSAAAAAAAAAAAAAAAAAAAAANRGVzdGlueVBhcGVycwAAEAAIAADShZ+1AAAAEQAIAADLNWjbAAAAAQAQABY6XQAV/DgACXFiAAYs8AACAEZNYWNpbnRvc2ggSEQ6VXNlcnM6AGp3Ym93ZXJzOgBEcm9wYm94OgBEZXN0aW55UGFwZXJzOgBCZXJrMjAxMFdoYXQucGRmAA4AIgAQAEIAZQByAGsAMgAwADEAMABXAGgAYQB0AC4AcABkAGYADwAaAAwATQBhAGMAaQBuAHQAbwBzAGgAIABIAEQAEgA1VXNlcnMvandib3dlcnMvRHJvcGJveC9EZXN0aW55UGFwZXJzL0JlcmsyMDEwV2hhdC5wZGYAABMAAS8AABUAAgAP//8AAIAG0hscHR5aJGNsYXNzbmFtZVgkY2xhc3Nlc11OU011dGFibGVEYXRhox0fIFZOU0RhdGFYTlNPYmplY3TSGxwiI1xOU0RpY3Rpb25hcnmiIiBfEA9OU0tleWVkQXJjaGl2ZXLRJidUcm9vdIABAAgAEQAaACMALQAyADcAQABGAE0AVQBgAGcAagBsAG4AcQBzAHUAdwCEAI4AwADFAM0CfQJ/AoQCjwKYAqYCqgKxAroCvwLMAs8C4QLkAukAAAAAAAACAQAAAAAAAAAoAAAAAAAAAAAAAAAAAAAC6w==}
}

@Book{		  james2013introduction,
  author	= {James, Gareth and Witten, Daniela and Hastie, Trevor and
		  Tibshirani, Robert},
  date-added	= {2014-03-31 11:39:34 +0000},
  date-modified	= {2014-03-31 11:39:38 +0000},
  publisher	= {Springer},
  title		= {An Introduction to Statistical Learning},
  year		= {2013}
}

@Book{		  kaplan2012ism,
  address	= {Macalester College, St. Paul, MN},
  author	= {Kaplan, Daniel},
  date-added	= {2014-03-31 11:39:34 +0000},
  date-modified	= {2014-03-31 11:39:39 +0000},
  edition	= {Second},
  publisher	= {Daniel Kaplan},
  title		= {Statistical Modeling A Fresh Approach},
  year		= {2012}
}
